@misc{liang2023holistic,
  title         = {Holistic Evaluation of Language Models},
  author        = {Percy Liang and Rishi Bommasani and Tony Lee and Dimitris Tsipras and Dilara Soylu and Michihiro Yasunaga and Yian Zhang and Deepak Narayanan and Yuhuai Wu and Ananya Kumar and Benjamin Newman and Binhang Yuan and Bobby Yan and Ce Zhang and Christian Cosgrove and Christopher D. Manning and Christopher RÃ© and Diana Acosta-Navas and Drew A. Hudson and Eric Zelikman and Esin Durmus and Faisal Ladhak and Frieda Rong and Hongyu Ren and Huaxiu Yao and Jue Wang and Keshav Santhanam and Laurel Orr and Lucia Zheng and Mert Yuksekgonul and Mirac Suzgun and Nathan Kim and Neel Guha and Niladri Chatterji and Omar Khattab and Peter Henderson and Qian Huang and Ryan Chi and Sang Michael Xie and Shibani Santurkar and Surya Ganguli and Tatsunori Hashimoto and Thomas Icard and Tianyi Zhang and Vishrav Chaudhary and William Wang and Xuechen Li and Yifan Mai and Yuhui Zhang and Yuta Koreeda},
  year          = 2023,
  eprint        = {2211.09110},
  archiveprefix = {arXiv},
  primaryclass  = {cs.CL}
}