@article{ahmad2022chemberta2,
  author = {Ahmad, W. and Simon, E. and Chithrananda, S. and Grand, G. and
            Ramsundar, B.},
  date = {2022-09-05},
  eprint = {2209.01712},
  eprintclass = {cs.LG},
  eprinttype = {arXiv},
  title = {ChemBERTa-2: Towards Chemical Foundation Models},
}

@article{ai4science2023impact,
  author = {Microsoft Research AI4Science and Microsoft Azure Quantum},
  eprint = {2311.07361},
  eprintclass = {cs.CL},
  eprinttype = {arXiv},
  title = {The Impact of Large Language Models on Scientific Discovery: a
           Preliminary Study using GPT-4},
  date = {2023},
}

@article{allen2023physics,
  author = {Allen-Zhu, Z. and Li, Y.},
  eprint = {2309.14402},
  eprinttype = {arXiv},
  title = {Physics of language models: Part 3.2, knowledge manipulation},
  date = {2023},
}

@article{anderljung2023frontier,
  author = {Anderljung, M. and Barnhart, J. and Leung, J. and Korinek, A. and
            O'Keefe, C. and Whittlestone, J. and Avin, S. and Brundage, M. and
            Bullock, J. and Cass-Beggs, D. and others},
  date = {2023-07-06},
  eprint = {2307.03718},
  eprintclass = {cs.CY},
  eprinttype = {arXiv},
  title = {Frontier AI regulation: Managing emerging risks to public safety},
}

@article{Angello_2022,
  author = {Angello, N. H. and Rathore, V. and Beker, W. and Wołos, A. and Jira,
            E. R. and Roszak, R. and Wu, T. C. and Schroeder, C. M. and
            Aspuru-Guzik, A. and Grzybowski, B. A. and Burke, M. D.},
  date = {2022-10-28},
  doi = {10.1126/science.adc8743},
  journaltitle = {Science},
  number = {6618},
  pages = {399--405},
  title = {Closed-loop optimization of general reaction conditions for
           heteroaryl Suzuki-Miyaura coupling},
  volume = {378},
}

@misc{anthropicClaudeModelFamily2024,
  author = {Anthropic},
  title = {The Claude 3 Model Family: Opus, Sonnet, Haiku},
  url = {
         https://www-cdn.anthropic.com/de8ba9b01c9ab7cbabf5c33b80b7bbc618857627/Model
         \_Card\_Claude\_3.pdf},
  date = {2024},
}

@article{arora2023llms,
  author = {Arora, D. and Singh, H. G. and Mausam},
  date = {2023-05-24},
  eprint = {2305.15074},
  eprintclass = {cs.CL},
  eprinttype = {arXiv},
  title = {Have LLMs Advanced Enough? A Challenging Problem Solving Benchmark
           For Large Language Models},
}

@article{Aspuru_Guzik_2018,
  author = {Aspuru-Guzik, A. and Lindh, R. and Reiher, M.},
  date = {2018-02-06},
  doi = {10.1021/acscentsci.7b00550},
  journaltitle = {ACS Cent. Sci.},
  number = {2},
  pages = {144--152},
  publisher = {American Chemical Society (ACS)},
  source = {Crossref},
  title = {The Matter Simulation (R)evolution},
  volume = {4},
}

@misc{Awg,
  author = {Awg},
  journaltitle = {LessWrong},
  title = {Broken benchmark: MMLU},
  url = {https://www.lesswrong.com/posts/rQBaftqKMfG2uMiWb/broken-benchmark-mmlu
         },
}

@article{B_ttcher_2016,
  author = {Böttcher, T.},
  date = {2016-02},
  doi = {10.1021/acs.jcim.5b00723},
  journaltitle = {J. Chem. Inf. Model.},
  number = {3},
  pages = {462--470},
  title = {An Additive Definition of Molecular Complexity},
  volume = {56},
}

@article{bart,
  author = {Lewis, M. and Liu, Y. and Goyal, N. and Ghazvininejad, M. and
            Mohamed, A. and Levy, O. and Stoyanov, V. and Zettlemoyer, L.},
  copyright = {arXiv.org perpetual, non-exclusive license},
  date = {2019-10-29},
  doi = {10.48550/ARXIV.1910.13461},
  eprintclass = {cs.CL},
  eprinttype = {arXiv},
  keywords = {Computation and Language (cs.CL), Machine Learning (cs.LG),
              Machine Learning (stat.ML), FOS: Computer and information sciences,
              FOS: Computer and information sciences},
  title = {BART: Denoising Sequence-to-Sequence Pre-training for Natural
           Language Generation, Translation, and Comprehension},
}

@inproceedings{bender2021dangers,
  author = {Bender, E. M. and Gebru, T. and McMillan-Major, A. and Shmitchell,
            S.},
  booktitle = {Proceedings of the 2021 ACM conference on fairness,
               accountability, and transparency},
  pages = {610--623},
  title = {On the dangers of stochastic parrots: Can language models be too big?
           },
  date = {2021},
}

@article{berglund2023reversal,
  author = {Berglund, L. and Tong, M. and Kaufmann, M. and Balesni, M. and
            Stickland, A. C. and Korbak, T. and Evans, O.},
  eprint = {2309.12288},
  eprinttype = {arXiv},
  title = {The Reversal Curse: LLMs trained on" A is B" fail to learn" B is A"},
  date = {2023},
}

@inproceedings{biderman2023pythia,
  author = {Biderman, S. and Schoelkopf, H. and Anthony, Q. G. and Bradley, H.
            and O’Brien, K. and Hallahan, E. and Khan, M. A. and Purohit, S. and
            Prashanth, U. S. and Raff, E. and others},
  booktitle = {International Conference on Machine Learning},
  organization = {PMLR},
  pages = {2397--2430},
  title = {Pythia: A suite for analyzing large language models across training
           and scaling},
  date = {2023},
}

@techreport{blac,
  author = {Bund/Länder-Arbeitsgemeinschaft Chemikaliensicherheit
            (BLAC)Bund/Länder-Arbeitsgemeinschaft Chemikaliensicherheit (BLAC)},
  title = {Gemeinsamer Fragenkatalog der Länder (GFK)},
  url = {
         https://www.blac.de/documents/gfk-rechtsstand-31102023-version-31012024-aktive-hyperlinks
         \_1710165329.pdf },
  date = {2024},
}

@article{bloomberg,
  author = {Schmitt, B.},
  date = {2023-12-25},
  doi = {10.1108/qmr-08-2023-0107},
  howpublished = {
                  www.bloomberg.com/company/press/generative-ai-to-become-a-1-3-trillion-market-by-2032-research-finds
                  },
  journaltitle = {Qualitative Market Research: An International Journal},
  publisher = {Emerald},
  source = {Crossref},
  title = {Transforming qualitative research in phygital settings: the role of
           generative AI},
}

@article{Boiko_2023,
  author = {Boiko, D. A. and MacKnight, R. and Kline, B. and Gomes, G.},
  date = {2023-12-20},
  doi = {10.1038/s41586-023-06792-0},
  journaltitle = {Nature},
  number = {7992},
  pages = {570--578},
  title = {Autonomous chemical research with large language models},
  volume = {624},
}

@article{bommasani2021opportunities,
  author = {Bommasani, R. and Hudson, D. A. a. A., Ehsan and Altman, R. and
            Arora, S. and von Arx, S. and Bernstein, M. S. and Bohg, J. and
            Bosselut, A. and Brunskill, E. and others},
  date = {2021-08-16},
  eprintclass = {cs.LG},
  eprinttype = {arXiv},
  title = {On the opportunities and risks of foundation models},
}

@article{bran2023chemcrow,
  author = {Bran, A. M. and Cox, S. and White, A. D. and Schwaller, P.},
  eprint = {2304.05376},
  eprintclass = {physics.chem-ph},
  eprinttype = {arXiv},
  title = {ChemCrow: Augmenting large-language models with chemistry tools},
  date = {2023},
}

@article{brown2020language,
  author = {Brown, T. B. and Mann, B. and Ryder, N. and Subbiah, M. and Kaplan,
            J. and Dhariwal, P. and Neelakantan, A. and Shyam, P. and Sastry, G.
            and Askell, A. and Agarwal, S. and Herbert-Voss, A. and Krueger, G.
            and Henighan, T. and Child, R. and Ramesh, A. and Ziegler, D. M. and
            Wu, J. and Winter, C. and Hesse, C. and Chen, M. and Sigler, E. and
            Litwin, M. and Gray, S. and Chess, B. and Clark, J. and Berner, C.
            and McCandlish, S. and Radford, A. and Sutskever, I. and Amodei, D.},
  date = {2020-05-28},
  eprint = {2005.14165},
  eprintclass = {cs.CL},
  eprinttype = {arXiv},
  title = {Language Models are Few-Shot Learners},
}

@article{bubeck2023sparks,
  author = {Bubeck, S. and Chandrasekaran, V. and Eldan, R. and Gehrke, J. and
            Horvitz, E. and Kamar, E. and Lee, P. and Lee, Y. T. and Li, Y. and
            Lundberg, S. and Nori, H. and Palangi, H. and Ribeiro, M. T. and
            Zhang, Y.},
  eprint = {2303.12712},
  eprintclass = {cs.CL},
  eprinttype = {arXiv},
  title = {Sparks of Artificial General Intelligence: Early experiments with
           GPT-4},
  date = {2023},
}

@article{Burger_2020,
  author = {Burger, B. and Maffettone, P. M. and Gusev, V. V. and Aitchison, C.
            M. and Bai, Y. and Wang, X. and Li, X. and Alston, B. M. and Li, B.
            and Clowes, R. and Rankin, N. and Harris, B. and Sprick, R. S. and
            Cooper, A. I.},
  date = {2020-07-08},
  doi = {10.1038/s41586-020-2442-2},
  journaltitle = {Nature},
  number = {7815},
  pages = {237--241},
  title = {A mobile robotic chemist},
  volume = {583},
}

@article{Cai_2024,
  author = {Cai, X. and Lai, H. and Wang, X. and Wang, L. and Liu, W. and Wang,
            Y. and Wang, Z. and Cao, D. and Zeng, X.},
  date = {2024-02},
  doi = {10.1016/j.ymeth.2024.01.004},
  journaltitle = {Methods},
  pages = {133--141},
  title = {Comprehensive evaluation of molecule property prediction with ChatGPT
           },
  volume = {222},
}

@article{campbell2023censoring,
  author = {Campbell, Q. L. and Herington, J. and White, A. D.},
  date = {2023-04-20},
  eprintclass = {cs.LG},
  eprinttype = {arXiv},
  title = {Censoring chemical data to mitigate dual use risk},
}

@article{castro2023large,
  author = {Castro Nascimento, C. M. and Pimentel, A. S.},
  date = {2023-03-16},
  doi = {10.1021/acs.jcim.3c00285},
  journaltitle = {J. Chem. Inf. Model.},
  number = {6},
  pages = {1649--1655},
  title = {Do Large Language Models Understand Chemistry? A Conversation with
           ChatGPT},
  volume = {63},
}

@article{caufield2023structured,
  author = {Caufield, J. H. and Hegde, H. and Emonet, V. and Harris, N. L. and
            Joachimiak, M. P. and Matentzoglu, N. and Kim, H. and Moxon, S. A. T.
            and Reese, J. T. and Haendel, M. A. and Robinson, P. N. and Mungall,
            C. J.},
  eprint = {2304.02711},
  eprintclass = {cs.AI},
  eprinttype = {arXiv},
  title = {Structured prompt interrogation and recursive extraction of semantics
           (SPIRES): A method for populating knowledge bases using zero-shot
           learning},
  date = {2023},
}

@article{coley2019robotic,
  author = {Coley, C. W. and Thomas, D. A., III and Lummiss, J. A. M. and
            Jaworski, J. N. and Breen, C. P. and Schultz, V. and Hart, T. and
            Fishman, J. S. and Rogers, L. and Gao, H. and Hicklin, R. W. and
            Plehiers, P. P. and Byington, J. and Piotti, J. S. and Green, W. H.
            and Hart, A. J. and Jamison, T. F. and Jensen, K. F.},
  date = {2019-08-09},
  doi = {10.1126/science.aax1566},
  journaltitle = {Science},
  number = {6453},
  pages = {eaax1566},
  title = {A robotic platform for flow synthesis of organic compounds informed
           by AI planning},
  volume = {365},
}

@article{Dagdelen_2024,
  author = {Dagdelen, J. and Dunn, A. and Lee, S. and Walker, N. and Rosen, A.
            S. and Ceder, G. and Persson, K. A. and Jain, A.},
  date = {2024-02},
  doi = {10.1038/s41467-024-45563-x},
  journaltitle = {Nat. Commun.},
  number = {1},
  title = {Structured information extraction from scientific text with large
           language models},
  volume = {15},
}

@article{darvish2024organa,
  author = {Darvish, K. and Skreta, M. and Zhao, Y. and Yoshikawa, N. and Som,
            S. and Bogdanovic, M. and Cao, Y. and Hao, H. and Xu, H. and
            Aspuru-Guzik, A. and Garg, A. and Shkurti, F.},
  eprint = {2401.06949},
  eprintclass = {cs.RO},
  eprinttype = {arXiv},
  title = {ORGANA: A Robotic Assistant for Automated Chemistry Experimentation
           and Characterization},
  date = {2024},
}

@article{dinh2022lift,
  author = {Dinh, T. and Zeng, Y. and Zhang, R. and Lin, Z. and Gira, M. and
            Rajput, S. and Sohn, J.-y. and Papailiopoulos, D. and Lee, K.},
  fjournal = {Advances in Neural Information Processing Systems},
  journaltitle = {Adv. Neur. In.},
  pages = {11763--11784},
  title = {Lift: Language-interfaced fine-tuning for non-language machine
           learning tasks},
  volume = {35},
  date = {2022},
}

@article{Dunn_2020,
  author = {Dunn, A. and Wang, Q. and Ganose, A. and Dopp, D. and Jain, A.},
  date = {2020-09},
  doi = {10.1038/s41524-020-00406-3},
  journaltitle = {npj Comp. Mater.},
  number = {1},
  publisher = {Springer Science and Business Media LLC},
  title = {Benchmarking materials property prediction methods: the Matbench test
           set and Automatminer reference algorithm},
  volume = {6},
}

@misc{eval-harness,
  author = {Gao, L. and Tow, J. and Abbasi, B. and Biderman, S. and Black, S.
            and DiPofi, A. and Foster, C. and Golding, L. and Hsu, J. and Le
            Noac'h, A. and Li, H. and McDonell, K. and Muennighoff, N. and Ociepa
            , C. and Phang, J. and Reynolds, L. and Schoelkopf, H. and Skowron,
            A. and Sutawika, L. and Tang, E. and Thite, A. and Wang, B. and Wang,
            K. and Zou, A.},
  date = {2023-12},
  doi = {10.5281/zenodo.10256836},
  publisher = {Zenodo},
  title = {A framework for few-shot language model evaluation},
  url = {https://zenodo.org/records/10256836},
  version = {v0.4.0},
}

@misc{FacebookBART,
  author = {Facebook},
  title = {Facebook/Bart-Large-mnli · Hugging face},
  url = {https://huggingface.co/facebook/bart-large-mnli/},
}

@article{flam2023language,
  author = {Flam-Shepherd, D. and Aspuru-Guzik, A.},
  eprint = {2305.05708},
  eprinttype = {arXiv},
  title = {Language models can generate molecules, materials, and protein
           binding sites directly in three dimensions as XYZ, CIF, and PDB files},
  date = {2023},
}

@article{flesch1948new,
  author = {Flesch, R.},
  journaltitle = {J. Appl. Psychol.},
  number = {3},
  pages = {221},
  publisher = {American Psychological Association},
  title = {A new readability yardstick.},
  volume = {32},
  date = {1948},
}

@misc{Fourrier_Habib_Launay_Wolf,
  author = {Fourrier, C. and Habib, N. and Launay, J. and Wolf, T.},
  journaltitle = {Hugging Face – The AI community building the future.},
  title = {What’s going on with the open llm leaderboard?},
  url = {https://huggingface.co/blog/open-llm-leaderboard-mmlu},
}

@article{frey2023neural,
  author = {Frey, N. C. and Soklaski, R. and Axelrod, S. and Samsi, S. and
            Gómez-Bombarelli, R. and Coley, C. W. and Gadepally, V.},
  date = {2023-10-23},
  doi = {10.1038/s42256-023-00740-3},
  journaltitle = {Nat. Mach. Intell.},
  number = {11},
  pages = {1297--1305},
  title = {Neural scaling of deep chemical models},
  volume = {5},
}

@misc{Frye_2023,
  author = {Frye, C.},
  date = {2023-12},
  title = {PubMedQA noisy},
  url = {https://twitter.com/charles\_irl/status/1731854677711507650},
}

@article{ganguli2022red,
  author = {Ganguli, D. and Lovitt, L. and Kernion, J. and Askell, A. and Bai,
            Y. and Kadavath, S. and Mann, B. and Perez, E. and Schiefer, N. and
            Ndousse, K. and Jones, A. and Bowman, S. and Chen, A. and Conerly, T.
            and DasSarma, N. and Drain, D. and Elhage, N. and El-Showk, S. and
            Fort, S. and Hatfield-Dodds, Z. and Henighan, T. and Hernandez, D.
            and Hume, T. and Jacobson, J. and Johnston, S. and Kravec, S. and
            Olsson, C. and Ringer, S. and Tran-Johnson, E. and Amodei, D. and
            Brown, T. and Joseph, N. and McCandlish, S. and Olah, C. and Kaplan,
            J. and Clark, J.},
  date = {2022-08-23},
  eprint = {2209.07858},
  eprintclass = {cs.CL},
  eprinttype = {arXiv},
  title = {Red Teaming Language Models to Reduce Harms: Methods, Scaling
           Behaviors, and Lessons Learned},
}

@inproceedings{gemini,
  author = {Martin, J. and Hanner, C. and Bolatto, N. and Akin, D. L.},
  booktitle = {ASCEND 2022},
  date = {2022-10-15},
  doi = {10.2514/6.2022-4397},
  publisher = {American Institute of Aeronautics and Astronautics},
  title = {TRAVELS: A Multimodal Mobility Concept for Highly Capable Planetary
           Traverses},
}

@article{golovneva2024reverse,
  author = {Golovneva, O. and Allen-Zhu, Z. and Weston, J. and Sukhbaatar, S.},
  journaltitle = {arXiv preprint arXiv:2403.13799},
  title = {Reverse Training to Nurse the Reversal Curse},
  date = {2024},
}

@article{gopal2023releasing,
  author = {Gopal, A. and Helm-Burger, N. and Justen, L. and Soice, E. H. and
            Tzeng, T. and Jeyapragasan, G. and Grimm, S. and Mueller, B. and
            Esvelt, K. M.},
  date = {2023-10-25},
  eprint = {2310.18233},
  eprintclass = {cs.AI},
  eprinttype = {arXiv},
  title = {Will releasing the weights of future large language models grant
           widespread access to pandemic agents?},
}

@article{granda2018controlling,
  author = {Granda, J. M. and Donina, L. and Dragone, V. and Long, D.-L. and
            Cronin, L.},
  date = {2018-07},
  doi = {10.1038/s41586-018-0307-8},
  journaltitle = {Nature},
  number = {7714},
  pages = {377--381},
  title = {Controlling an organic synthesis robot with machine learning to
           search for new reactivity},
  volume = {559},
}

@article{gruver2024fine,
  author = {Gruver, N. and Sriram, A. and Madotto, A. and Wilson, A. G. and
            Zitnick, C. L. and Ulissi, Z.},
  eprint = {2402.04379},
  eprinttype = {arXiv},
  title = {Fine-Tuned Language Models Generate Stable Inorganic Materials as
           Text},
  date = {2024},
}

@article{guo2023large,
  author = {Guo, T. and Guo, K. and Nan, B. and Liang, Z. and Guo, Z. and Chawla
            , N. V. and Wiest, O. and Zhang, X.},
  date = {2023-05-27},
  eprint = {2305.18365},
  eprintclass = {cs.CL},
  eprinttype = {arXiv},
  title = {What can Large Language Models do in chemistry? A comprehensive
           benchmark on eight tasks},
}

@article{gupta2022discomat,
  author = {Gupta, T. and Zaki, M. and Krishnan, N. and others},
  journaltitle = {arXiv preprint arXiv:2207.01079},
  title = {DiSCoMaT: distantly supervised composition extraction from tables in
           materials science articles},
  eprint = {2207.01079},
  eprinttype = {arXiv},
  date = {2022},
}

@article{huang2021therapeutics,
  archiveprefix = {arXiv},
  author = {Huang, K. and Fu, T. and Gao, W. and Zhao, Y. and Roohani, Y. and
            Leskovec, J. and Coley, C. W. and Xiao, C. and Sun, J. and Zitnik, M.
            },
  date = {2021-02-18},
  eprint = {2102.09548v2},
  eprintclass = {cs.LG},
  eprinttype = {arxiv},
  title = {Therapeutics data commons: Machine learning datasets and tasks for
           drug discovery and development},
}

@article{hudson2024trillion,
  author = {Hudson, N. and Pauloski, J. G. and Baughman, M. and Kamatar, A. and
            Sakarvadia, M. and Ward, L. and Chard, R. and Bauer, A. and Levental,
            M. and Wang, W. and Engler, W. and Skelly, O. P. and Blaiszik, B. and
            Stevens, R. and Chard, K. and Foster, I.},
  eprint = {2402.03480},
  eprintclass = {cs.LG},
  eprinttype = {arXiv},
  title = {Trillion Parameter AI Serving Infrastructure for Scientific
           Discovery: A Survey and Vision},
  date = {2024},
}

@misc{Huggingface,
  author = {Beeching, E. and Fourrier, C. and Habib, N. and Han, S. and Lambert,
            N. and Rajani, N. and Sanseviero, O. and Tunstall, L. and Wolf, T.},
  howpublished = {https://huggingface.co/spaces/HuggingFaceH4/open\_llm
                  \_leaderboard},
  publisher = {Hugging Face},
  title = {Open LLM Leaderboard},
  date = {2023},
}

@misc{Intelligent.com_2023,
  author = {Intelligent.com},
  date = {2023-10},
  howpublished = {
                  https://www.intelligent.com/one-third-of-college-students-used-chatgpt-for-schoolwork-during-the-2022-23-academic-date/
                  },
  journaltitle = {Intelligent},
  title = {One-third of college students used CHATGPT for schoolwork during the
           2022-23 academic date},
}

@article{Irwin_2012,
  author = {Irwin, J. J. and Sterling, T. and Mysinger, M. M. and Bolstad, E. S.
            and Coleman, R. G.},
  date = {2012-06},
  doi = {10.1021/ci3001277},
  journaltitle = {J. Chem. Inf. Model.},
  number = {7},
  pages = {1757--1768},
  title = {ZINC: A Free Tool to Discover Chemistry for Biology},
  volume = {52},
}

@article{jablonka202314,
  author = {Jablonka, K. M. and Ai, Q. and Al-Feghali, A. and Badhwar, S. and
            Bocarsly, J. D. and Bran, A. M. and Bringuier, S. and Brinson, L. C.
            and Choudhary, K. and Circi, D. and others},
  journaltitle = {Digit. Discov.},
  number = {5},
  pages = {1233--1250},
  title = {14 examples of how LLMs can transform materials science and
           chemistry: a reflection on a large language model hackathon},
  volume = {2},
  date = {2023},
}

@article{jablonka2024leveraging,
  author = {Jablonka, K. M. and Schwaller, P. and Ortega-Guerrero, A. and Smit,
            B.},
  journaltitle = {Nat. Mach. Intell.},
  pages = {1--9},
  title = {Leveraging large language models for predictive chemistry},
  date = {2024},
}

@article{jiang2024mixtral,
  author = {Jiang, A. Q. and Sablayrolles, A. and Roux, A. and Mensch, A. and
            Savary, B. and Bamford, C. and Chaplot, D. S. and de las Casas, D.
            and Hanna, E. B. and Bressand, F. and Lengyel, G. and Bour, G. and
            Lample, G. and Lavaud, L. R. and Saulnier, L. and Lachaux, M.-A. and
            Stock, P. and Subramanian, S. and Yang, S. and Antoniak, S. and Scao,
            T. L. and Gervet, T. and Lavril, T. and Wang, T. and Lacroix, T. and
            Sayed, W. E.},
  date = {2024-01-08},
  eprintclass = {cs.LG},
  eprinttype = {arXiv},
  title = {Mixtral of Experts},
}

@article{karpas2022mrkl,
  author = {Karpas, E. and Abend, O. and Belinkov, Y. and Lenz, B. and Lieber,
            O. and Ratner, N. and Shoham, Y. and Bata, H. and Levine, Y. and
            Leyton-Brown, K. and Muhlgay, D. and Rozen, N. and Schwartz, E. and
            Shachaf, G. and Shalev-Shwartz, S. and Shashua, A. and Tenenholtz, M.
            },
  eprint = {2205.00445},
  eprintclass = {cs.CL},
  eprinttype = {arXiv},
  title = {MRKL Systems: A modular, neuro-symbolic architecture that combines
           large language models, external knowledge sources and discrete
           reasoning},
  date = {2022},
}

@article{kincaid1975derivation,
  author = {Kincaid, J. P. and Fishburne Jr, R. P. and Rogers, R. L. and Chissom
            , B. S.},
  date = {1975-02-01},
  doi = {10.21236/ada006655},
  institution = {Defense Technical Information Center},
  publisher = {Institute for Simulation and Training, University of Central
               Florida},
  title = {Derivation of new readability formulas (automated readability index ,
           fog count and flesch reading ease formula) for navy enlisted personnel
           },
}

@article{kristiadi2024sober,
  author = {Kristiadi, A. and Strieth-Kalthoff, F. and Skreta, M. and Poupart,
            P. and Aspuru-Guzik, A. and Pleiss, G.},
  eprint = {2402.05015},
  eprintclass = {cs.LG},
  eprinttype = {arXiv},
  title = {A Sober Look at LLMs for Material Discovery: Are They Actually Good
           for Bayesian Optimization Over Molecules?},
  date = {2024},
}

@article{kung2023performance,
  author = {Kung, T. H. and Cheatham, M. and Medenilla, A. and Sillos, C. and De
            Leon, L. and Elepaño, C. and Madriaga, M. and Aggabao, R. and
            Diaz-Candido, G. and Maningo, J. and others},
  journaltitle = {PLoS digit. health},
  number = {2},
  pages = {e0000198},
  title = {Performance of ChatGPT on USMLE: potential for AI-assisted medical
           education using large language models},
  volume = {2},
  date = {2023},
}

@article{lala2023paperqa,
  author = {Lála, J. and O'Donoghue, O. and Shtedritski, A. and Cox, S. and
            Rodriques, S. G. and White, A. D.},
  eprint = {2312.07559},
  eprintclass = {cs.CL},
  eprinttype = {arXiv},
  title = {PaperQA: Retrieval-Augmented Generative Agent for Scientific Research
           },
  date = {2023},
}

@article{Li_2023,
  author = {Li, B. and Qi, P. and Liu, B. and Di, S. and Liu, J. and Pei, J. and
            Yi, J. and Zhou, B.},
  date = {2023-01-16},
  doi = {10.1145/3555803},
  journaltitle = {ACM Comput. Surv.},
  number = {9},
  pages = {1--46},
  publisher = {Association for Computing Machinery (ACM)},
  title = {Trustworthy AI: From Principles to Practices},
  volume = {55},
}

@article{liang2023holistic,
  author = {Liang, P. and Bommasani, R. and Lee, T. and Tsipras, D. and Soylu,
            D. and Yasunaga, M. and Zhang, Y. and Narayanan, D. and Wu, Y. and
            Kumar, A. and Newman, B. and Yuan, B. and Yan, B. and Zhang, C. and
            Cosgrove, C. and Manning, C. D. and Ré, C. and Acosta-Navas, D. and
            Hudson, D. A. and Zelikman, E. and Durmus, E. and Ladhak, F. and Rong
            , F. and Ren, H. and Yao, H. and Wang, J. and Santhanam, K. and Orr,
            L. and Zheng, L. and Yuksekgonul, M. and Suzgun, M. and Kim, N. and
            Guha, N. and Chatterji, N. and Khattab, O. and Henderson, P. and
            Huang, Q. and Chi, R. and Xie, S. M. and Santurkar, S. and Ganguli,
            S. and Hashimoto, T. and Icard, T. and Zhang, T. and Chaudhary, V.
            and Wang, W. and Li, X. and Mai, Y. and Zhang, Y. and Koreeda, Y.},
  date = {2022-11-16},
  eprint = {2211.09110},
  eprintclass = {cs.CL},
  eprinttype = {arXiv},
  title = {Holistic Evaluation of Language Models},
}

@article{liao2024words,
  author = {Liao, C. and Yu, Y. and Mei, Y. and Wei, Y.},
  eprint = {2402.01439},
  eprintclass = {cs.LG},
  eprinttype = {arXiv},
  title = {From Words to Molecules: A Survey of Large Language Models in
           Chemistry},
  date = {2024},
}

@article{Luger2021,
  author = {Luger, R. and Bedell, M. and Foreman-Mackey, D. and Crossfield, I.
            J. M. and Zhao, L. L. and Hogg, D. W.},
  date = {2021-10-12},
  eid = {arXiv:2110.06271},
  eprint = {2110.06271},
  eprintclass = {astro-ph.SR},
  eprinttype = {arXiv},
  pages = {arXiv:2110.06271},
  title = {Mapping stellar surfaces III: An Efficient, Scalable, and Open-Source
           Doppler Imaging Model},
}

@article{miret2024llms,
  author = {Miret, S. and Krishnan, N.},
  eprint = {2402.05200},
  eprinttype = {arXiv},
  title = {Are LLMs Ready for Real-World Materials Discovery?},
  date = {2024},
}

@article{moulange2023towards,
  author = {Moulange, R. and Langenkamp, M. and Alexanian, T. and Curtis, S. and
            Livingston, M.},
  date = {2023-11-27},
  eprintclass = {cs.CY},
  eprinttype = {arXiv},
  title = {Towards Responsible Governance of Biological Design Tools},
}

@misc{mysql,
  author = {Oracle},
  journaltitle = {The world's most popular open source database},
  title = {MySQL},
  url = {https://www.mysql.com/},
}

@misc{nextauth,
  author = {NextAuth.js},
  title = {NextAuth.js},
  url = {https://next-auth.js.org/},
}

@misc{nextjs,
  author = {Vercel},
  journaltitle = {The React Framework for the Web},
  title = {nextjs},
  url = {https://nextjs.org/},
}

@article{northcutt2021pervasive,
  author = {Northcutt, C. G. and Athalye, A. and Mueller, J.},
  date = {2021-03-26},
  eprint = {2103.14749},
  eprintclass = {stat.ML},
  eprinttype = {arXiv},
  title = {Pervasive Label Errors in Test Sets Destabilize Machine Learning
           Benchmarks},
}

@article{openai2024gpt4,
  author = {OpenAI and Achiam, J. and Adler, S. and Agarwal, S. and Ahmad, L.
            and Akkaya, I. and Aleman, F. L. and Almeida, D. and Altenschmidt, J.
            and Altman, S. and Anadkat, S. and Avila, R. and Babuschkin, I. and
            Balaji, S. and Balcom, V. and Baltescu, P. and Bao, H. and Bavarian,
            M. and Belgum, J. and Bello, I. and Berdine, J. and Bernadett-Shapiro
            , G. and Berner, C. and Bogdonoff, L. and Boiko, O. and Boyd, M. and
            Brakman, A.-L. and Brockman, G. and Brooks, T. and Brundage, M. and
            Button, K. and Cai, T. and Campbell, R. and Cann, A. and Carey, B.
            and Carlson, C. and Carmichael, R. and Chan, B. and Chang, C. and
            Chantzis, F. and Chen, D. and Chen, S. and Chen, R. and Chen, J. and
            Chen, M. and Chess, B. and Cho, C. and Chu, C. and Chung, H. W. and
            Cummings, D. and Currier, J. and Dai, Y. and Decareaux, C. and Degry,
            T. and Deutsch, N. and Deville, D. and Dhar, A. and Dohan, D. and
            Dowling, S. and Dunning, S. and Ecoffet, A. and Eleti, A. and
            Eloundou, T. and Farhi, D. and Fedus, L. and Felix, N. and Fishman,
            S. P. and Forte, J. and Fulford, I. and Gao, L. and Georges, E. and
            Gibson, C. and Goel, V. and Gogineni, T. and Goh, G. and
            Gontijo-Lopes, R. and Gordon, J. and Grafstein, M. and Gray, S. and
            Greene, R. and Gross, J. and Gu, S. S. and Guo, Y. and Hallacy, C.
            and Han, J. and Harris, J. and He, Y. and Heaton, M. and Heidecke, J.
            and Hesse, C. and Hickey, A. and Hickey, W. and Hoeschele, P. and
            Houghton, B. and Hsu, K. and Hu, S. and Hu, X. and Huizinga, J. and
            Jain, S. and Jain, S. and Jang, J. and Jiang, A. and Jiang, R. and
            Jin, H. and Jin, D. and Jomoto, S. and Jonn, B. and Jun, H. and
            Kaftan, T. and Kaiser, Ł. and Kamali, A. and Kanitscheider, I. and
            Keskar, N. S. and Khan, T. and Kilpatrick, L. and Kim, J. W. and Kim,
            C. and Kim, Y. and Kirchner, J. H. and Kiros, J. and Knight, M. and
            Kokotajlo, D. and Kondraciuk, Ł. and Kondrich, A. and Konstantinidis,
            A. and Kosic, K. and Krueger, G. and Kuo, V. and Lampe, M. and Lan,
            I. and Lee, T. and Leike, J. and Leung, J. and Levy, D. and Li, C. M.
            and Lim, R. and Lin, M. and Lin, S. and Litwin, M. and Lopez, T. and
            Lowe, R. and Lue, P. and Makanju, A. and Malfacini, K. and Manning,
            S. and Markov, T. and Markovski, Y. and Martin, B. and Mayer, K. and
            Mayne, A. and McGrew, B. and McKinney, S. M. and McLeavey, C. and
            McMillan, P. and McNeil, J. and Medina, D. and Mehta, A. and Menick,
            J. and Metz, L. and Mishchenko, A. and Mishkin, P. and Monaco, V. and
            Morikawa, E. and Mossing, D. and Mu, T. and Murati, M. and Murk, O.
            and Mély, D. and Nair, A. and Nakano, R. and Nayak, R. and
            Neelakantan, A. and Ngo, R. and Noh, H. and Ouyang, L. and O'Keefe,
            C. and Pachocki, J. and Paino, A. and Palermo, J. and Pantuliano, A.
            and Parascandolo, G. and Parish, J. and Parparita, E. and Passos, A.
            and Pavlov, M. and Peng, A. and Perelman, A. and de Avila Belbute
            Peres, F. and Petrov, M. and de Oliveira Pinto, H. P. and Michael and
            Pokorny and Pokrass, M. and Pong, V. H. and Powell, T. and Power, A.
            and Power, B. and Proehl, E. and Puri, R. and Radford, A. and Rae, J.
            and Ramesh, A. and Raymond, C. and Real, F. and Rimbach, K. and Ross,
            C. and Rotsted, B. and Roussez, H. and Ryder, N. and Saltarelli, M.
            and Sanders, T. and Santurkar, S. and Sastry, G. and Schmidt, H. and
            Schnurr, D. and Schulman, J. and Selsam, D. and Sheppard, K. and
            Sherbakov, T. and Shieh, J. and Shoker, S. and Shyam, P. and Sidor,
            S. and Sigler, E. and Simens, M. and Sitkin, J. and Slama, K. and
            Sohl, I. and Sokolowsky, B. and Song, Y. and Staudacher, N. and Such,
            F. P. and Summers, N. and Sutskever, I. and Tang, J. and Tezak, N.
            and Thompson, M. B. and Tillet, P. and Tootoonchian, A. and Tseng, E.
            and Tuggle, P. and Turley, N. and Tworek, J. and Uribe, J. F. C. and
            Vallone, A. and Vijayvergiya, A. and Voss, C. and Wainwright, C. and
            Wang, J. J. and Wang, A. and Wang, B. and Ward, J. and Wei, J. and
            Weinmann, C. and Welihinda, A. and Welinder, P. and Weng, J. and Weng
            , L. and Wiethoff, M. and Willner, D. and Winter, C. and Wolrich, S.
            and Wong, H. and Workman, L. and Wu, S. and Wu, J. and Wu, M. and
            Xiao, K. and Xu, T. and Yoo, S. and Yu, K. and Yuan, Q. and Zaremba,
            W. and Zellers, R. and Zhang, C. and Zhang, M. and Zhao, S. and Zheng
            , T. and Zhuang, J. and Zhuk, W. and Zoph, B.},
  date = {2024-03-15},
  eprint = {2303.08774},
  eprintclass = {cs.CL},
  eprinttype = {arXiv},
  title = {GPT-4 Technical Report},
}

@misc{openchemlib,
  author = {Actelion},
  title = {OpenChemLib},
  url = {https://github.com/actelion/openchemlib},
}

@article{Patiny_2023,
  author = {Patiny, L. and Godin, G.},
  date = {2023-12},
  doi = {10.26434/chemrxiv-2023-05v1b-v2},
  journaltitle = {ChemRxiv preprint doi:10.26434/chemrxiv-2023-05v1b-v2},
  title = {Automatic extraction of FAIR data from publications using LLM},
}

@article{polo2024tinybenchmarks,
  author = {Polo, F. M. and Weber, L. and Choshen, L. and Sun, Y. and Xu, G. and
            Yurochkin, M.},
  date = {2024-02-22},
  eprint = {2402.14992},
  eprintclass = {cs.CL},
  eprinttype = {arXiv},
  title = {tinyBenchmarks: evaluating LLMs with fewer examples},
}

@misc{prisma,
  author = {Prisma Data, I.},
  journaltitle = {Prisma | Simplify working and interacting with databases},
  title = {Prisma},
  url = {https://www.prisma.io/},
}

@article{pubchem,
  author = {Kim, S. and Chen, J. and Cheng, T. and Gindulyte, A. and He, J. and
            He, S. and Li, Q. and Shoemaker, Benjamin A and Thiessen, Paul A and
            Yu, Bo and Zaslavsky, L. and Zhang, J. and Bolton, E. E.},
  date = {2022-10-28},
  doi = {10.1093/nar/gkac956},
  journaltitle = {Nucleic Acids Res.},
  number = {D1},
  pages = {D1373-D1380},
  title = {PubChem 2023 update},
  volume = {51},
}

@article{ramos2023bayesian,
  author = {Ramos, M. C. and Michtavy, S. S. and Porosoff, M. D. and White, A.
            D.},
  eprint = {2304.05341},
  eprintclass = {physics.chem-ph},
  eprinttype = {arXiv},
  title = {Bayesian Optimization of Catalysts With In-context Learning},
  date = {2023},
}

@electronic{rdkit,
  author = {Landrum, G.},
  howpublished = {<https://www.rdkit.org>},
  title = {RDKit: Open-source cheminformatics},
}

@article{rubungo2023llm,
  author = {Rubungo, A. N. and Arnold, C. and Rand, B. P. and Dieng, A. B.},
  journaltitle = {arXiv preprint arXiv:2310.14029},
  title = {Llm-prop: Predicting physical and electronic properties of
           crystalline solids from their text descriptions},
  date = {2023},
}

@article{schick2024toolformer,
  author = {Schick, T. and Dwivedi-Yu, J. and Dessì, R. and Raileanu, R. and
            Lomeli, M. and Hambro, E. and Zettlemoyer, L. and Cancedda, N. and
            Scialom, T.},
  fjournal = {Advances in Neural Information Processing Systems},
  journaltitle = {Adv. Neur. In.},
  title = {Toolformer: Language models can teach themselves to use tools},
  volume = {36},
  date = {2024},
}

@article{Schulze_Balhorn_2024,
  author = {Schulze Balhorn, L. and Weber, J. M. and Buijsman, S. and
            Hildebrandt, J. R. and Ziefle, M. and Schweidtmann, A. M.},
  date = {2024-02},
  doi = {10.1038/s41598-024-54936-7},
  journaltitle = {Sci. Rep.},
  number = {1},
  publisher = {Springer Science and Business Media LLC},
  title = {Empirical assessment of ChatGPT’s answering capabilities in natural
           science and engineering},
  volume = {14},
}

@article{seifrid2022autonomous,
  author = {Seifrid, M. and Pollice, R. and Aguilar-Granda, A. and Morgan Chan,
            Z. and Hotta, K. and Ser, C. T. and Vestfrid, J. and Wu, T. C. and
            Aspuru-Guzik, A.},
  journaltitle = {Acc. Chem. Res.},
  number = {17},
  pages = {2454--2466},
  title = {Autonomous chemical experiments: Challenges and perspectives on
           establishing a self-driving lab},
  volume = {55},
  date = {2022},
}

@inproceedings{song-etal-2023-honeybee,
  author = {Song, Y. and Miret, S. and Zhang, H. and Liu, B.},
  booktitle = {Findings of the Association for Computational Linguistics: EMNLP
               2023},
  date = {2023-12},
  doi = {10.18653/v1/2023.findings-emnlp.380},
  editor = {Bouamor, Houda and Pino, Juan and Bali, Kalika},
  location = {Singapore},
  pages = {5724--5739},
  publisher = {Association for Computational Linguistics},
  title = {HoneyBee: Progressive Instruction Finetuning of Large Language Models
           for Materials Science},
  url = {https://aclanthology.org/2023.findings-emnlp.380},
}

@inproceedings{song-etal-2023-matsci,
  author = {Song, Y. and Miret, S. and Liu, B.},
  booktitle = {Proceedings of the 61st Annual Meeting of the Association for
               Computational Linguistics (Volume 1: Long Papers)},
  date = {2023-07},
  doi = {10.18653/v1/2023.acl-long.201},
  editor = {Rogers, Anna and Boyd-Graber, Jordan and Okazaki, Naoaki},
  location = {Toronto, Canada},
  pages = {3621--3639},
  publisher = {Association for Computational Linguistics},
  title = {MatSci-NLP: Evaluating Scientific Language Models on Materials
           Science Language Tasks Using Text-to-Schema Modeling},
}

@article{song2023honeybee,
  author = {Song, Y. and Miret, S. and Zhang, H. and Liu, B.},
  date = {2023-10-12},
  eprint = {2310.08511},
  eprintclass = {cs.CL},
  eprinttype = {arXiv},
  title = {HoneyBee: Progressive Instruction Finetuning of Large Language Models
           for Materials Science},
}

@article{spglib,
  author = {Togo, A. and Shinohara, K. and Tanaka, I.},
  doi = {10.48550/ARXIV.1808.01590},
  eprint = {1808.01590},
  eprinttype = {arxiv},
  title = {\texttt{spglib}: a software library for crystal symmetry search},
  date = {2018},
}

@article{srivastava2022beyond,
  author = {Srivastava, A. and Rastogi, A. and Rao, A. and Shoeb, A. A. M. and
            Abid, A. and Fisch, A. and Brown, A. R. and Santoro, A. and Gupta, A.
            and Garriga-Alonso, A. à. and others},
  date = {2022-06-09},
  eprintclass = {cs.CL},
  eprinttype = {arXiv},
  title = {Beyond the imitation game: Quantifying and extrapolating the
           capabilities of language models},
}

@article{sun2023scieval,
  author = {Sun, L. and Han, Y. and Zhao, Z. and Ma, D. and Shen, Z. and Chen,
            B. and Chen, L. and Yu, K.},
  eprint = {2308.13149},
  eprintclass = {cs.CL},
  eprinttype = {arXiv},
  title = {SciEval: A Multi-Level Large Language Model Evaluation Benchmark for
           Scientific Research},
  date = {2023},
}

@misc{tailwindcss,
  author = {tailwindcss},
  journaltitle = {Tailwind CSS - Rapidly build modern websites without ever
                  leaving your HTML.},
  title = {Tailwind CSS},
  url = {https://tailwindcss.com/},
}

@article{taylor2022galactica,
  author = {Taylor, R. and Kardas, M. and Cucurull, G. and Scialom, T. and
            Hartshorn, A. and Saravia, E. and Poulton, A. and Kerkez, V. and
            Stojnic, R.},
  date = {2022-11-16},
  eprint = {2211.09085},
  eprintclass = {cs.CL},
  eprinttype = {arXiv},
  title = {Galactica: A Large Language Model for Science},
}

@article{touvron2023llama,
  author = {Touvron, H. and Martin, L. and Stone, K. and Albert, P. and
            Almahairi, A. and Babaei, Y. and Bashlykov, N. and Batra, S. and
            Bhargava, P. and Bhosale, S. and Bikel, D. and Blecher, L. and Ferrer
            , C. C. and Chen, M. and Cucurull, G. and Esiobu, D. and Fernandes,
            J. and Fu, J. and Fu, W. and Fuller, B. and Gao, C. and Goswami, V.
            and Goyal, N. and Hartshorn, A. and Hosseini, S. and Hou, R. and Inan
            , H. and Kardas, M. and Kerkez, V. and Khabsa, M. and Kloumann, I.
            and Korenev, A. and Koura, P. S. and Lachaux, M.-A. and Lavril, T.
            and Lee, J. and Liskovich, D. and Lu, Y. and Mao, Y. and Martinet, X.
            and Mihaylov, T. and Mishra, P. and Molybog, I. and Nie, Y. and
            Poulton, A. and Reizenstein, J. and Rungta, R. and Saladi, K. and
            Schelten, A. and Silva, R. and Smith, E. M. and Subramanian, R. and
            Tan, X. E. and Tang, B. and Taylor, R. and Williams, A. and Kuan, J.
            X. and Xu, P. and Yan, Z. and Zarov, I. and Zhang, Y. and Fan, A. and
            Kambadur, M. and Narang, S. and Rodriguez, A. and Stojnic, R. and
            Edunov, S. and Scialom, T.},
  eprintclass = {cs.CL},
  eprinttype = {arXiv},
  eprint = {2307.09288},
  title = {Llama 2: Open Foundation and Fine-Tuned Chat Models},
  date = {2023},
}

@article{Urbina_2022,
  author = {Urbina, F. and Lentzos, F. and Invernizzi, C. and Ekins, S.},
  date = {2022-03-07},
  doi = {10.1038/s42256-022-00465-9},
  journaltitle = {Nat. Mach. Intell.},
  number = {3},
  pages = {189--191},
  title = {Dual use of artificial-intelligence-powered drug discovery},
  volume = {4},
}

@article{urbina2022teachable,
  author = {Urbina, F. and Lentzos, F. and Invernizzi, C. and Ekins, S.},
  date = {2022-07-12},
  doi = {10.1038/s42256-022-00511-6},
  journaltitle = {Nat. Mach. Intell.},
  number = {7},
  pages = {607--607},
  title = {A teachable moment for dual-use},
  volume = {4},
}

@misc{wei2021chemistryqa,
  author = {Wei, Z. and Ji, W. and Geng, X. and Chen, Y. and Chen, B. and Qin,
            T. and Jiang, D.},
  title = {ChemistryQA: A Complex Question Answering Dataset from Chemistry},
  url = {https://openreview.net/forum?id=oeHTRAehiFF},
  date = {2021},
}

@article{White_2023,
  author = {White, A. D.},
  date = {2023-05-19},
  doi = {10.1038/s41570-023-00502-0},
  journaltitle = {Nat. Rev. Chem.},
  number = {7},
  pages = {457--458},
  title = {The future of chemistry is language},
  volume = {7},
}

@article{wu2018moleculenet,
  author = {Wu, Z. and Ramsundar, B. and Feinberg, E. N. and Gomes, J. and
            Geniesse, C. and Pappu, A. S. and Leswing, K. and Pande, V.},
  doi = {10.1039/c7sc02664a},
  journaltitle = {Chem. Sci.},
  number = {2},
  pages = {513--530},
  title = {MoleculeNet: a benchmark for molecular machine learning},
  volume = {9},
  date = {2018},
}

@article{xie2024fine,
  author = {Xie, Z. and Evangelopoulos, X. and Omar, Ö. H. and Troisi, A. and
            Cooper, A. I. and Chen, L.},
  journaltitle = {Chem. Sci.},
  number = {2},
  pages = {500--510},
  title = {Fine-tuning GPT-3 for machine learning electronic and functional
           properties of organic molecules},
  volume = {15},
  date = {2024},
}

@article{xiong2023llms,
  author = {Xiong, M. and Hu, Z. and Lu, X. and Li, Y. and Fu, J. and He, J. and
            Hooi, B.},
  eprint = {2306.13063},
  eprintclass = {cs.CL},
  eprinttype = {arXiv},
  title = {Can LLMs Express Their Uncertainty? An Empirical Evaluation of
           Confidence Elicitation in LLMs},
  date = {2023},
}

@article{Yirik_2021,
  author = {Yirik, M. A. and Sorokina, M. and Steinbeck, C.},
  date = {2021-07-03},
  doi = {10.1186/s13321-021-00529-9},
  journaltitle = {J. Cheminf.},
  number = {1},
  title = {MAYGEN: an open-source chemical structure generator for
           constitutional isomers based on the orderly generation principle},
  volume = {13},
}

@article{Zaki_2024,
  author = {Zaki, M. and Jayadeva and Mausam and Krishnan, N. M. A.},
  doi = {10.1039/d3dd00188a},
  journaltitle = {Digit. Discov.},
  number = {2},
  pages = {313--327},
  title = {MaScQA: investigating materials science knowledge of large language
           models},
  volume = {3},
  date = {2024},
}

@article{zeroshotsequence,
  author = {Yin, W. and Hay, J. and Roth, D.},
  date = {2019-08-31},
  doi = {10.48550/ARXIV.1909.00161},
  eprintclass = {cs.CL},
  eprinttype = {arXiv},
  eprint = {1909.00161},
  publisher = {arXiv},
  title = {Benchmarking Zero-shot Text Classification: Datasets, Evaluation and
           Entailment Approach},
}

@article{zhang2024chemllm,
  author = {Zhang, D. and Liu, W. and Tan, Q. and Chen, J. and Yan, H. and Yan,
            Y. and Li, J. and Huang, W. and Yue, X. and Zhou, D. and Zhang, S.
            and Su, M. and Zhong, H. and Li, Y. and Ouyang, W.},
  eprint = {2402.06852},
  eprintclass = {cs.AI},
  eprinttype = {arXiv},
  journaltitle = {arXiv preprint arXiv:2402.06852},
  title = {ChemLLM: A Chemical Large Language Model},
  date = {2024},
}

@article{Zheng_2024,
  author = {Zheng, Z. and He, Z. and Khattab, O. and Rampal, N. and Zaharia, M.
            A. and Borgs, C. and Chayes, J. T. and Yaghi, O. M.},
  doi = {10.1039/d3dd00239j},
  journaltitle = {Digit. Discov.},
  title = {Image and data mining in reticular chemistry powered by GPT-4V},
  date = {2024},
}

@article{zhong2024benchmarking,
  author = {Zhong, Z. and Zhou, K. and Mottin, D.},
  eprint = {2403.05075},
  eprintclass = {cs.LG},
  eprinttype = {arXiv},
  title = {Benchmarking Large Language Models for Molecule Prediction Tasks},
  date = {2024},
}

@article{zhu2023physics,
  author = {Zhu, Z. A. and Li, Y.},
  eprint = {2309.14316},
  eprinttype = {arXiv},
  title = {Physics of language models: Part 3.1, knowledge storage and
           extraction},
  date = {2023},
}

@article{yao2022react,
  author = {Yao, S. and Zhao, J. and Yu, D. and Du, N. and Shafran, I. and
            Narasimhan, K. and Cao, Y.},
  eprint = {2210.03629},
  eprintclass = {cs.CL},
  eprinttype = {arXiv},
  title = {React: Synergizing reasoning and acting in language models},
  date = {2022},
}
